@techreport{NFPAFireLoss,
	author = {Karter, M.},
	title = {Fire Loss in the United States During 2011},
	institution = {National Fire Protection Association},
	date = {2012-10},
}

@techreport{NFPAFFInjuries,
	author = {Karter, M. J. and Molis, J. L.},
	title = {{U}.{S}. {F}irefighter {I}njuries - 2009},
	institution = {National Fire Protection Association},
	month = {October},
	Year =  {2010},
}

@techreport{NFPALast30,
	author = {Fahy, Rita F. and LeBlac, Paul R. and Molis, Joseph L.},
	title = {{W}hat's {C}hanged in the {P}ast 30 {Y}ears?},
	type = {Report},
	institution = {National Fire Protection Association},
	date = {2007-06 },
}

@article{ChangingResdFires_Kerber,
	author = {Kerber, S.},
	title = {Analysis of Changing Residential Fire Dynamics and its Implications on Firefighter Operational Timeframes},
	journaltitle = {Fire Technology},
	date = {2012-10-04},
}

@misc{HowToKeepFirefighterSafer_Goldfeder,
	author = {Goldfeder, B.},
	title = {2013: How to keep firefighters safer this year.},
	date = {2013-01-02},
	url = {http://www.firerescue1.com/cod-company-officerdevelopment/
	articles/1386999-2013-How-to-keep-firefighters-safer-this-year/},
}

@misc{SurbarbanFirefighting_Knapp,
	title = {Suburban Firefighting: UL Study on Ventilation and Fire Behavior},
	date = {2001-06-15},
	url={http://www.fireengineering.com/articles/2011/06/ul-vent-study.html},
}

@article{One_Two_Family_Fires_Kerber,
	author = {Kerber, S.},
	title = {Analysis of One and Two Family Home Fire Dynamics and the Impact of Firefighter Horizontal Ventilation},
	journaltitle = {Fire Technology},
	date = {2012-08-28},
}

@techreport{UL_VerticalVent,
	author = {Kerber, S.},
	title = {Study of the Effectiveness of Fire Service Vertical Ventilation and Suppression Tactics in Single Family Homes},
	type = {Report},
	institution = {Underwriters Laboritories},
	year = {2013},
	month = {6},
	day = {15}
}

@techreport{NFFF,
	author = {National Fallen Firefighter Foundation},
	title = {Report of the 2nd National Fire Service Research Agenda Symposium},
	type = {Report},
	institution = {National Fire Academy},
	date = {2011-05-20/2011-05-22},
}

@techreport{DHS2008,
	author = {Kerber, S.},
	title = {{Impact of Ventilation on Fire Behavior in Legacy and Contemporary Residential Construction}},
	type = {Report},
	institution = {Underwriters Laboratories},
	year = {2014},
}

@techreport{DHS2010,
	author = {Kerber, S.},
	title = {Study of the Effectiveness of Fire Service Vertical Ventilation and Suppression Tactics in Single Family Homes},
	type = {Report},
	institution = {Underwriters Laboratories},
	year = {2013},
}

@techreport{DHS2011,
	author = {Kerber, S. and Zevotek, R.},
	title = {Study of Residential Attic Fire Mitigation Tactics and Exterior Fire Spread Hazards on Firefighter Safety},
	type = {Report},
	institution = {Underwriters Laboratories},
	year = {2014},
}

@book{PPA_Garcia,
	author = {Garcia, K.  and  Kauffmann, R. and Schelble, R.},
	title = {Positive Pressure Attack for Ventilation \& Firefighting},
	year = {2006},
}

@misc{TempestWebsite,
	title = {How does PPV Work},
	year = {2014},
	url = {http://www.tempest.us.com/training/ppa-ppv-how-does-it-work.cfm},
}

@manual{SuperVacManual,
	title = {Smoke Ventilation Training Manual},
	date = {2011-10},
}

@techreport{NIOSHF2000-44,
	author = {National Institute for Occupational Safety and Health},
	title = {Residential House Fire Claims the Life of One Career Firefighter - Florida},
	type = {Report},
	institution = {National Institute for Occupational Safety and Health},
	date = {2001-08-02},
}

@techreport{NIOSH98F-32,
	author = {National Institute for Occupational Safety and Health},
	title = {Two Volunteer Firefighters Were Killed and One Injured During an Interior Attack in a Auto Salvage Storage Building},
	type = {Report},
	institution = {National Institute for Occupational Safety and Health},
	date = {1999-05-18},
}

@techreport{TexasFMFY07-02,
	author = {Texas Stage Fire Marshal's Office},
	title = {Investiagtion Number FY 07-02: Captain Kevin Williams, Firefighter Austin Cheek. Noonday Volunteer Fire Department},
	type = {Report},
	institution = {Texas State Fire Marshal's Office Firefighter Fatality Investigation},
	date = {2007-08-03},
}

@techreport{ContraCostaFalaityInvestigation ,
	author = {Contra Costa Fire Protection District},
	title = {Investigation Report: Michele Drive Line of Duty Deaths},
	type = {Report},
	institution = {Contra Costa Fire Protection District},
	date = {2007-07-21},
}

@techreport{NIOSHF2004-02,
	author = {National Institute for Occupational Safety and Health},
	title = {F2004-02: Basement Fire Claims the Life of Volunteer Firefighter - Massachuesetts},
	type = {Report},
	institution = {National Institute for Occupational Safety and Health},
	date = {2004-10-26},
}

@techreport{NIOSHF2002-12,
	author = {National Institute for Occupational Safety and Health},
	title = {F2002-12: Volunteer Firefighter Killed and Career Chief Injured During Residential House Fire - Tennessee},
	type = {Report},
	institution = {National Institute for Occupational Safety and Health},
	date = {2002-09-03},
}

@online{LasVegasNews_ChiefsRole,
	title = {North Las Vegas: Weeks more to investigate fire chief's role in training accident},
	date = {2012-07-24},
	url = {http://www.reviewjournal.com/news/government/north-las-vegas-weeks-more-investigate-fire-chiefs-role-training-accident},
}

@article{HughesPPVTesting,
	author = {Hughes, L.},
	title = {Positive Pressure Venitlation in a Test Setting},
	type = {article},
	journaltitle = {Fire Engineering},
	date = {1989-12},
}

@techreport{KerberPPVinTraining,
	author = {Kerber, S and Walton, W.D},
	title = {Full Scale Evaluation of Posititeve Pressure Ventilation in a Fire Fighter Training Building},
	type = {Report},
	institution = {National Institute of Standards and Technology},
	date = {2006},
}

@article{SvennsonFireVentilationDuringOperatoins,
	author = {Svennson, S.},
	title = {Experimental Study of Fire Ventilation During Fire Fighting Operations},
	type = {Report},
	journaltitle = {Fire Technology},
	date = {2001},
}

@article{ExekoyePPVHouseFires,
	author = {Ezekoye, O.H and Lan, C.H. and Nicks, R.},
	title = {Positive Pressure Ventilation Attack for Heat Transport in a House Fire},
	type = {Report},
	journaltitle = {Fire Technology},
	date = {2003},
}

@inproceedings{SvenssonFireVentinLargeFireHall,
	author = {Svensson and Werling},
	title = {Experimental Study of Fire Ventilation Procedures in a Large Fire Hall},
	date = {2001},
}

@techreport{BowserTacticalVent,
	author = {Bowser et al},
	title = {Report of Tactical Ventilation Trials at The Fire Service College, Moreton-in-Marsh},
	type = {Report},
	date = {1998-07-27/1998-07-31},
}

@techreport{EzekoyePPVStrucuresReport,
	author = {Ezekoye, O.A.},
	title = {Positive Pressure Ventilation Induced Transport of Fire Products in a Residential Structure},
	type = {Report},
	institution = {University of Texas at Austin},
	date = {2012},
}

@book{Didona1993modeling,
	title={Modeling and Simulation of Positive Pressure Ventilation (PPV).},
	author={Didona, J. and Fleagle, C. and Gough, T. and Humphrey, J.},
	url={https://books.google.com/books?id=5XICSQAACAAJ},
	year={1993},
	publisher={University of Central Florida. Engineering Department}
}

@techreport{KerberPPVCFD,
	author = {Kerber, S and Walton, W.D},
	title = {Characterizing Positive Pressure Ventilation Using Computational Fluid Dynamics},
	type = {Report},
	institution = {National Institute of Standards and Technology},
	date = {2003},
}

@techreport{KerberPPVFDS,
	author = {Kerber, S},
	title = {Evaluation of the Ability of Fire Dynamic Simulator to Simulate Positive Pressure Ventilation in the Laboratory and Practical Scenarios},
	type = {Report},
	institution = {National Institute of Standards and Technology},
	date = {2006},
}

@techreport{TuomisaariVentilationInFirefighting,
	author = {Tuomisaari, M.},
	title = {Smoke Ventilation in Operational Fire Fighting},
	type = {Report},
	institution = {Technical Research Centre of	Finland},
	date = {1997},
}

@article{SymposiumHighRisePPV,
	title = {Symposium on positive pressure ventilation includes high-rise field demonstration},
	type = {Article},
	journaltitle = {Fire Chief Magazine},
	date = {1991-08},
}

@techreport{KerberMadrzyPPVInLargeStructures,
	author = {Kerber, S and Madrzykowski, D.},
	title = {Evaluating Positive Pressure Ventilation In Large Structures: High-Rise Fire Experiments},
	type = {Report},
	institution = {National Institute of Standards and Technology},
	date = {2007},
}

@techreport{KerberMadrzyPPVInHighRise,
	author = {Kerber, S and Madrzykowski, D.},
	title = {Fire Fighting Tactics Under Wind Driven Fire Conditions: 7-Story Building Experiments},
	type = {Report},
	institution = {National Institute of Standards and Technology},
	date = {2009-04},
}

@techreport{LougheedPPVHighRise,
	author = {Lougheed, G.D. and McBride, P.J and Carpenter, D.W.},
	title = {Positive Pressure Ventilation for High-Rise Buildings},
	type = {Report},
	institution = {National Research Council Canada},
	address = {Ottawa},
	date = {2002},
}

@book{SFPEHandbookPurser,
	author = {Purser, D.A.},
	title = {Society of Fire Protection Engineers' Handbook, Fourth Edition},
	editor = {DiNenno, P.J}, 
	publisher = {National Fire Protection Association},
	date = {2008},
	chapter = {6},
	subtitle = {Assessment of Hazards to Occupants from Smoke, Toxic Gases, and Heat},		
}


@article{Stewart_EffectsofCOonMan,
	author = {Stewart, Richard M.D.},
	title = {The Effect of Carbon Monoxide on Man},
	journaltitle = {Combustion Technology},
	date = {1974-8},
	volume = {1},
	pages = {167-176},
}

@book{Essentials6,
	title = {Essential of Firefighting and Fire Department Operations},
	editor = {Stowell, F. M. and Murnane, L.}, 
	publisher = {Brady Publishing, International Fire Service Training Association},
	date = {2013-01},
	edition = {6},	
}

@book{JandB:Firefighter_Skills,
	title = {Fundamentals of Firefighter Skills Evidence-Based Practices.},
	edition = {3rd},
	editor = {Moura, E.},
	publisher = {Jones and Barttlet Learning},
	year = {2017}
}

@book{Delmar:Firefighters_Handbook,
	title = {Firefighter's Handbook Essentials of Firefighting.},
	edition = {3rd},
	editor = {Main, L.},
	publisher = {Delmar Learning},
	year = {2008}
}

@book{ExtinguishingFires,
	title = {Attacking and Extinguishing Interior Fires},
	editor = {Layman, Lloyd}, 
	publisher = {National Fire Protection Association},
	date = {1952},
}

@book{FirefightingTactics,
	title = {Fundamentals of Fire Fighting Tactics},
	editor = {Layman, Lloyd}, 
	publisher = {National Fire Protection Association},
	date = {1953},
}

@techreport{NFPA1001,
    title = {NFPA 1001:Standard for Firefighter Professional Qualifications},
	type = {Standard},
	institution = {National Fire Protection Association},
	year = {2013},
}

@techreport{NFPA1963,
	title = {NFPA 1963: Standard for Fire Hose Connections},
	type = {Standard},
	institution = {National Fire Protection Association},
	date = {2009},
}

@techreport{NFPA1408,
	title = {NFPA 1408: Standard for Training Fire Service Personal in the Operation, Care and Maintenance of Thermal Imagers},
	type = {Standard},
	institution = {National Fire Protection Association},
	date = {2015},
}

@article{HeatFluxRoundRobin,
	author = {Pitts, William M. and Murthy, Annageri V. and De Ris, John L. and Filtz, Jean-Remy and Nygard, Kjell and Smith, Debbie and Wetterlund, Ingrid},
	title = {Round Robbin Study of Total Heat Flux Gauge Calibration at Fire Laboratories.},
	journaltitle = {Fire Safety Journal},
	date = {2006},
	pages = {459-475},
	volume = {41.6},
}
	
@book{TemperatureHandbook,
	title = {The Temperature Handbook}, 
	publisher = {Omega Engineering},
	date = {2010},
	edition = {7},	
}

@manual{SetraManual,
	title = {Installation Guide Setra Systems Model 265 Differential Pressure Transducer},
	date = {2009},
	location = {Boxboroguh},
	pubstate = {MA},
	edition = {G},
}

@article{BDPInPoolFires,
	author = {Lent, L.A and Schneider, M.E.},
	title = {The Design and Application of Bi-Directional Velocity Probes for MEasurements in Large Pool Fires},
	type = {report},
	date = {1987},
	pages = {25-32},
	volume = {26},
	number = {4},
	journaltitle = {Instrument Society of America},
}

@techreport{WeinschenkStrongVentFlowFires,
	author = {Weinschenk, C.},
	title = {Experimental and Computational Characterization of Strong Vent Flow Enclosure Fires},
	type = {report},
	institution = {The University of Texas at Austin},
	date = {2011},
}

@techreport{KerberMadrzykowskiLabWindDriven,
	author = {Kerber, S. and Madrzykowski, D.},
	title = {Fire Fighting Tactics under Wind Drive Conditions: Laboratory Experiments},
	type = {report},
	institution = {National Institutes of Standards and Technology},
	month = {January},
	year = {2009},
}

@article{USFA_Response_Times,
	title = {Sturucture Fire Response Times},
	type = {report},
	journaltitle = {Topical Fire Research Series},
	institution = {U.S. Fire Administration/National Fire Data Center},
	volume = {5},
	number = {7},
	date = {2006-08},
}

@article{USFA_Fire_Fatalities,
	title = {{Civilian Fire Fatalities in Residential Buildings (2013-2015)}},
	type = {report},
	journaltitle = {Topical Fire Research Series},
	institution = {U.S. Fire Administration/National Fire Data Center},
	volume = {18},
	number = {4},
	month= {July},
	year = {2017},
}

@manual{RetroTecManual,
	title = {Blower Door Operation Manual},
	month = {March},
	year = {2015},
	institution = {RetroTec},
	address = {Everson, WA},
	url = {https://retrotec.com/sites/default/files/manual-guides-specs/Manual-Blower%20Door%20Operation.pdf},
}

@article{KnappNozzles1,
	author = {Knapp, J. and Pillsworth, T. and White, S.},
	title = {{Nozzle Tests Prove Fireground Realities, Part 1}},
	journaltitle = {Fire Engineering},
	month = {February},
	year = {2003},
}

@article{KnappNozzles2,
	author = {Knapp, J. and Pillsworth, T. and Flatley, C.},
	title = {{Nozzle Tests Prove Fireground Realities, Part 2}},
	journaltitle = {Fire Engineering},
	month = {September},
	year = {2003},
}

@article{KnappNozzles3,
	author = {Knapp, J. and Pillsworth, T. and Flatley, C.},
	title = {{Nozzle Tests Prove Fireground Realities, Part 3}},
	journaltitle = {Fire Engineering},
	month = {September},
	year = {2003},
}

@techreport{NISTHoseStreams,
	author = {Willi, J. and Weinschenk, C. and Madrzykowski, D.},
	title = {Impact of Hose Streams on Air Flows Inside a Structure},
	type = {NIST Technical Report 1938},
	institution = {National Institutes of Standards and Technology},
	address = {Gaithersburg, MD},
	year = {2016},
}

@techreport{Traina_VictimTenibility,
	author = {Traina, Nicholas J.},
	title = {Occupant Tenability in Large-Scale Residential Fires: An analysis of Heat exposure, },
	type = {NIST Technical Report 1938},
	institution = {National Institutes of Standards and Technology},
	address = {Gaithersburg, MD},
	year = {2016},
}

@techreport{Weinchenk_watermapping,
	author = {Weinschenk, C and Stakes, K and Zevotek, R},
	title = {Impact of Fire Attack Utilizing Interior and Exterior Streams on Firefighter Safety and Occupant Survival: Water Mapping},
	institution = {Underwriters Laboritories Firefighter Safety Research Institute},
	address = {Columbia, MD},
	year = {2017},
}

@techreport{Weinchenk_airentrainment,
	author = {Weinschenk, C and Stakes, K and Zevotek, R},
	title = {Impact of Fire Attack Utilizing Interior and Exterior Streams on Firefighter Safety and Occupant Survival: Air Entrainment},
	institution = {Underwriters Laboritories Firefighter Safety Research Institute},
	address = {Columbia, MD},
	year = {2017},
}

@manual{Corbett_FE_FFI_FFII,
	editor = {Corbett, G},
	title = {Fire Engineering's Handbook for Firefighter I and II},
	publisher = {PenwWell Corporation},
	address = {Tulsa, OK},
	year = {2013},
}

@manual{Stowell_Essentials6,
	editor = {Stowell, F},
	title = {Essentials of Fire fighting and Fire Department Operations},
	edition = {6},
	publisher = {Brady Publishing},
	address = {Upper Saddle River, NJ},
	year = {2013},
}

@TECHREPORT{Taylor&Kuyatt:1994,
  author       = {B.N. Taylor and C.E. Kuyatt},
  title        = {{Guidelines for Evaluating and Expressing the Uncertainty of NIST Measurement Results}},
  institution  = {National Institute of Standards and Technology},
  year         = {1994},
  type         = {{NIST Technical Note 1297}},
  address      = {Gaithersburg, Maryland}
}

@TECHREPORT{Torvi_Dale,
  author       = {D.A. Torvi and J.D. Dale},
  title        = {A finite element model of skin subjected to a flash fire},
  type = {report},
  journaltitle  = {Journal of Mechanical Engineering},
  volume = {116},
  pages = {250-255}, 
  year = {1994}
 }

@TECHREPORT{Abraham_Sparrow,
  author       = {J.P. Abraham and E.M. Sparrow},
  title        = {{A thermal-ablation bioheat model including liquid-to-vapor phase change, pressure- and necrosis-dependent perfusion, and moisture-dependent properties}},
  type = {report},
  journaltitle  = {International Journal of Heat and Mass Transfer},
  volume = {50},
  pages = {2537-2544},
  year = {2007} 
 }

 @TECHREPORT{Pig_Experimental_model,
 author = {Sheu, S.-Y, Wang, W.-L., Fu, Y.-T, Lin, S.-C, Liao, J.-H, Tang, N.-Y., Kuo, T.-F., Yao, C.-H.},
 year = {2014},
 title = {The pig as an experimental model for mid-dermal burns research},
 type = {report},
 journaltitle = {Burns},
 }

@TECHREPORT{Of_pigs_and_men,
author = {Douglas, W.R.},
year = {1972},
title = {Of pigs and men research - A review of applications and analogies of the pig, sus scrofa, in human medical research},
type = {report},
journaltitle = {Space Life Sciences},
volume = {3(3)},
pages = {226-234},
}

@TECHREPORT{Sensitivity_Cross-reacting,
author = {Smith, K.J., Graham, J.S., Skelton, H.G., Hamilton, T., O'Leary, T., Okerberg, C.V., Moller, R., Hurst, C.G.},
year = {1998},
title = {Sensitivity of cross-reacting antihuman antibodies in formalin-fixed porcine skin: Including antibodies to proliferation antigens and cytokeratins with specificity in the skin},
type = {report},
journaltitle = {Journal of Dermatological Science},
volume = {18(1)},
pages = {19-29},
}

@TECHREPORT{Hummel_Barker_Lyons,
author = {Hummel, A., Barker, R., \& Lyons, K.},
year = {2014},
title = {Skin burn translation model for evaluating hand protection in flash fire exposures},
type = {report},
journaltitle = {Fire Technology},
volume = {50(5)},
pages = {1285-1299},
}

@TECHREPORT{Purser_Toxicity_Heat,
author = {Purser, D.},
title = {Module 8: Hazard from Toxicity and Heat in Fires},
institution = {University of Maryland},
type = {note},
}

@TECHREPORT{Epidermis_Thickness,
author = {Whitton, J.T., Everall, J.D.},
year = {1973},
title = {The thickness of the epidermis},
type = {report},
journaltitle = {Brittish Journal of Dermatology},
volume = {89(5)},
pages = {467-476},
}

@TECHREPORT{Skin_Pulse,
author = {Schaff, D., Johnson, T.},
year = {2010},
title = {Relationships of skin depths and temperatures when varying pulse repetition frequencies from 2.0-$\mu$ M laser light incident on pig skin},
type = {report},
journaltitle = {Journal of Biomedical Optics},
volume = {15(4)},
}

@TECHREPORT{Visualization_Thickness,
author = {Hoffman, K., St.,Tucker, M., Dirschka, T., Gortz, S., El-Gammal, S., Dirting, K., Hoffman, A., Altmeyer, P.},
year = {1994},
title = {Twenty MHz B-scan sonography for visualization and skin thickness measurement of human skin},
type = {report},
journaltitle = {Journal of the Eurpoean Academy of Dermatology and Venereology},
volume = {3(3)},
pages = {302-313},
}

@TECHREPORT{Pigs_Wound_Healing,
author = {Sullivan, T.P., Eaglstein, W.H., Davis, S.C., Mertz, P.},
year = {2001},
title = {The pig as a model for human wound healing},
type = {report},
journaltitle = {Wound Repair and Regeneration},
volume = {9(2)},
pages = {66-76},
}

@TECHREPORT{Time_Temperature_Cutaneous_Burns, 
author = {Moritz, A.R., Henriques Jr., F.C.},
year = {1947},
title = {Studies of Termal Injury II: The Relative Importance of Time and Surface Temperature in the Causation of Cutaneous Burns},
type = {report},
journaltitle = {The American Journal of Pathology},
}

@TECHREPORT{Thermal_Electronic,
author = {Donnely, M.K., Davis, W.D., Lawson, J.R., Selepak, M.J.},
year = {2006},
title = {Environment for Electronic Equipment Used by First Responders},
type = {NIST Technology Note 1474},
}

@TECHREPORT{Pain_Thermal_Radiation,
author = {Stoll, A.M., Greene, L.C.},
year = {1959},
title = {Relationship between pain and tissue damage due to thermal radiation},
type = {reprot},
journaltitle = {Journal of Applied Physiology},
volume = {14(3)},
pages = {373-382},
}

@TECHREPORT{Standard_Manikin,
title = {ASTM F 1930 - Standard Test method for evaluation of flame resistand clothing for protection against flash fire simulations using an instrumeneted manikin},
year = {2011},
institution = {American Society for Testing and Materials},
}

@TECHREPORT{Residential_Tenability,
author = {N. Traina},
title = {Occupant tenability in large-scale residentail fires: an analysis of heat exposure, toxic gases, water applicaiton, and fire-service ventilation},
year = {2017},
type = {Doctoral Dissertation},
institution = {University of Illinois at Urbana-Champaign},
publisher = {Illinois Digital Environment for Access to Learning and Scholarship},
}

@PROCEEDINGS{Utech_Firefighter_Clothing,
  author = {Utech, H.},
  title = {Status Report on Research Programs for Firefighters Protective Clothing.},
  booktitle = {45th Annual Fire Department Instructors Conference Proceedings},
  pages = {156-166},
  publisher = {International Society of Fire Service Instructors},
  year = {1973}
}

@TECHREPORT{Water_For_Firefighting_Royer_Nelson,
	author 		= {Royer, K. and Nelson, F.W.},
	title 		= {Water for Fire Fighting: Rate of Flow Formula.},
	publisher 	= {Iowa State University, Fire Service Extension},
	year 		= {1952}
}

@article{Fredricks:Little_Drops_of_Water,
	author 		= {Fredricks, A.},
	title 		= {Little Drops of Water: 50 Years Later, Part 1.},
	publisher 	= {Fire Engineering},
	year 		= {2000},
	month 		= {2}
}

@book{Layman:Attacking_and_Extinguishing_Interior_Fires,
	author 		= {Layman, L.},
	title 		= {Attacking and Extinguishing Interior Fires.},
	publisher 	= {National Fire Protection Association},
	year 		= {1955}
}

@proceedings{Scheffey:1994_Attack_Team_Workshop,
	author 		= {Scheffy, et al},
	title 		= {1994 Attack Team Workshop: Phase II - Full-scale Offensive Fog Attack Tests.},
	publisher 	= {Naval Research Laboratory},
	year 		= {1997},
	number 		= {NRL/MR/6180-97-7944}
}

@techreport{Madrzykowski:Fire_Suppression_Liquids,
    author 		= {Madrzykowski, D. and Stroop, D.},
    title 		= {Demonstration of Biodegradable, Envirnomentally Safe, Non-Toxic Fire Suppression Liquids.},
    institution = {National Institute of Standards and Technology},
    month 		= {7},
    year 		= {1998},
   	number  	= {NISTR 6191}
}

@techreport{Liu:Review_Water_Fog_Firefighting,
    author 		= {Liu, et al.},
    title 		= {Review of Three Dimensional Water Fog Techniques for Firefighting.},
    institution = {National Research Counsil Canada, Ottawa},
    month 		= {12},
    year 		= {2002}
}

@journal{Liu:Review_Water_Mist_Suppression,
    author = {Liu, Kim},
    title = {A Review of Water Mist Suppression Systems - Fundamental Studies.},
    institution = {Journal of Fire Protection Engineering},
    volume = {10},
    pages = {3},
    year = {2000}
}

@techreport{Andersson:Small_Scale_Experiments,
    author = {Andersson, et al.},
    title = {Small Scale Experiments and Theoretical Aspects of Flame Extinguishment with Water Mist.},
    institution = {Lund University},
    number = {Report 3080},
    month = {5},
    year = {1996}
}

@techreport{Hayes:Lit_Review_Dropletsize_Data,
    author = {Hayes, W.D.},
    title = {Literature Survey on Dropletsize Data, Measuring Equipment and a Discussion of Drop Size in Fire Extinguishment.},
    institution = {NBSIR},
    number = {85-3100-1},
    year = {1985}
}

@techreport{Salyers:Fire_Hose_Nozzle_Spray,
    author = {Salyers, B.E.},
    title = {Spray Characteristics from Fire Hose Nozzles},
    institution = {University of Maryland, Masters of Science},
    year = {2010}
}

@techreport{Sardqvist:Extinguishing_Media_Manual_FF,
    author = {Sardqvist, S.},
    title = {Demand for Extinguishing Media in Manual Firefighting.},
    institution = {Lund University},
    number = {LUTVDG/(TVBB-1021)},
    year = {2000}
}

@journal{Kung:WoodCrib_Pallet_Fires,
    author = {Kung, H-C and Hill, J.P.},
    title = {Extinction of Wood Crib and Pallet Fires.},
    institution = {Institution},
    year = {Year}
}

@article{Kung:WoodCrib_Pallet_Fires,
    author = {Kung, H-C and Hill, J.P.},
    title = {Extinction of Wood Crib and Pallet Fires.},
    journaltitle = {Combustion and Flame},
    pages = {305-317},
    volume = {24},
    year = {1975}
}

@article{Bryan:Chemicals_in_Water_Fire_Extniction,
    author = {Bryan, J. and Smith, D.N.},
    title = {The Effect of Chemicals in Water Solution on Fire Extinction},
    journaltitle = {Engineering},
    pages = {457},
    volume = {159},
    year = {1945}
}

@article{Sardqvist:Firefighteing_and_Fire_Area,
    author = {Sardqvist, S. and Holmstedt, G.},
    title = {Correlation Between Firefighting Operation and Fire Area: Analysis of Statistics},
    journaltitle = {Fire Technology},
    year = {1999}
}

@book{Braidwood:Training_Fireman,
	author = {Braidwood, J.},
	title = {On the Construction of Fire-Engines and Apparatus, The Training of Fireman, and the Method of Proceeding in Cases of Fire},
	year = {1830}
}

@techreport{NIST_classes,
	author = {M. K. Donnely, W. D. Davis, J.R. Lawson, M.J. Selepak},
	title = {{Thermal Environment for Electronic Equipment Used by First Responders }},
	type = {Report},
	institution = {National Institute of Standards and Technology},	
	year = {2006},
}

@misc{ASTM_C1055,
title={{ASTM C1055 Standard Guide for Heated Systems Surface Conditions that Produce Contact Burn Injuries}},
author={American Society of Testing Materials},
address={West Conshohocken, Pennsylvania },
institution={ASTM},
year = {1997}
}

@TECHREPORT{Putorti,
  author       = {Putorti, A., Mensch, A, Bryner, N., Braga, G.},
  title        = {{Thermal Performance of Self-Contained Breathing Apparatus Facepiece Lenses Exposed to Radiant Heat Flux}},
  institution  = {National Institute of Standards and Technology},
  number       = {NIST TN 1785},
  year         = {2013},
  address 		={Gaithersburg, MD}
}

@misc{NFPA_1971,
title={{NFPA 1971: Standard on Protective Ensembles for Structural Fire Fighting and Proximity Fire Fighting}},
author={National Fire Protection Association},
address      = {Quincy, Massachusetts},
institution={National Fire Protection Association},
year = {2013}
}

@misc{NFPA_1981,
title={{NFPA 1981: Standard on Open-Circuit Self-Contained Breathing Apparatus (SCBA) for Emergency Services}},
author={National Fire Protection Association},
address      = {Quincy, Massachusetts},
institution={National Fire Protection Association},
year = {2013}
}